Referencias para trabajo terminal

@ELECTRONIC{IEEEreferencias:Ref1,
  author = "A. Méndez Flores",
  title = "Oftalmología, Daltonismo",
  year = "2018",
  url = "blog.ciencias-medicas.com"
}

@ELECTRONIC{IEEEreferencias:Ref2,
  title = "¿Por qué se produce el daltonismo?",
  year = "2015",
  url = "https://www.lne.es/vida-y-estilo/salud/2015/04/22/produce-daltonismo/1745277.html"
}

@ELECTRONIC{IEEEreferencias:Ref3,
  author = "E. Bazo Coronilla",
  title = "Dalton y el daltonismo",
  month = "Oct",
  year = "2017",
  url = "https://www.hidden-nature.com/dalton-y-el-daltonismo"
}

@ELECTRONIC{IEEEreferencias:Ref4,
  author = "B. V. Castillo",
  title = "Herramientas visuales e información general del daltonismo",
  year = "2015",
  url = "http://costaricawebstudio.com/daltonismo/antecedentes"
}

@INBOOK{IEEEreferencias:Ref5,
  author = "F. Mir Fullana",
  title = "El verdadero daltonismo de Charles Meryon",
  month = "sep",
  publisher = "SciELO",
  year = "2008",
  volume = "83",
  number = "9",
  pages = "567-568"

}
@ELECTRONIC{IEEEreferencias:Ref6,
  title = "Grandes creadores con problemas de visión: Daltonismo",
  year = "2015",
  url = "https://www.clinicabaviera.com/blog/mundo-baviera/grandes-creadores-con-problemas-de-vision-daltonismo/"
}


@ELECTRONIC{IEEEreferencias:Ref7,
  title = "¿Son mejores los tiradores daltónicos?",
  year = "2019",
  url = "https://www.quo.es/ser-humano/a25640378/tiradores-daltonicos/"
}

@ELECTRONIC{IEEEreferencias:Ref8,
  title = "¿Por qué Marck Zuckerberg es <<culpable>> de que Facebook se azul?",
  year = "2017",
  url = "https://peru.com/epic/epic-mobile/facebook-que-mark-zuckerberg-culpable-que-sea-azul-noticia-536611"
}


@ELECTRONIC{IEEEreferencias:Ref9,
  title = "Celebridades que tiene datonismo",
  year = "2019",
  url = "https://www.panamaamerica.com.pa/variedades/celebridades-que-tienen-daltonismo-1130862"
}


@ELECTRONIC{IEEEreferencias:Ref10,
  title = "El mediocampista Thomas Delaney sufre este padecimiento, que le complica distinguir jugadores en algunos partidos",
  year = "2019",
  url = "https://www.record.com.mx/futbol-mundial-grupo-c/jugador-de-la-seleccion-de-dinamarca-revela-su-daltonismo"
}

@ELECTRONIC{IEEEreferencias:Ref11,
  title = "Famosos daltónicos que ven el mundo al revés",
  year = "2019",
  url = "https://www.msn.com/es-pe/entretenimiento/famosos/famosos-dalt\%C3\%B3nicos-que-ven-el-mundo-al-rev\%C3\%A9s/ss-BBTtKwr??ocid=MxOctHDD#image=20"
}


@INBOOK{IEEEreferencias:Ref12,
  author = "Marlenne Perales García and Ivette Lozano and Angélica López Rodríguez",
  title = "Los Colores de la vida",
  volume = "69",
  number = "2",
  page = "85-91",
  year = "2019",
  url = "https://www.amc.edu.mx/revistaciencia/images/revista/69_2/PDF/ColoresVida.pdf"
}

@ELECTRONIC{IEEEreferencias:Ref13,
  title = "La luz",
  year = "2019",
  url = "http://entrecieloytierra.com/articulos/feng-shui/la-luz-introduccion/"
}

@PHDTHESIS{IEEEreferencias:Ref14,
  author = "G. Enriquez Monroy and M. Soto and C. Torres",
  title = "Visión en colores: evaluación y patologías asociadas",
  school = "Fac. Med De tecnología médica, universidad Andrés Bello",
  address = "Chile,
  note = "Tesis de Licenciatura",
  year = "2018",
  url = "https://www.academia.edu/36785956/Visi\%C3\%B3n_en_colores"
}

@ELECTRONIC{IEEEreferencias:Ref15,
  author = "José Jiménez and Miguel Gutiérrez",
  title = "Árboles de decisión",
  year = "2009",
  url = "https://www.cs.us.es/~jalonso/cursos/ra-00/temas/tema-12.pdf"
}

@ELECTRONIC{IEEEreferencias:Ref16,
  title = "Espacios de color",
  year = "2015",
  url = "http://bibing.us.es/proyectos/abreproy/11875/fichero/Proyecto+Fin+de+Carrera\%252F3.Espacios+de+color.pdf"
}
@ELECTRONIC{IEEEreferencias:Ref17,
  author = "María López Escorial",
  title = "El código ‘braille’ para daltónicos se inventa en el siglo XXI",
  month = "Jul",
  year = "2015",
  url = "https://elpais.com/elpais/2015/07/24/planeta_futuro/1437744306_549219.html"
}


@ELECTRONIC{IEEEreferencias:Ref18,
  title = "Color Binoculars",
  year = "2016",
  url = "https://www.microsoft.com/en-us/garage/profiles/color-binoculars/"
}


@ELECTRONIC{IEEEreferencias:Ref19,
  title = "Samsung lanza la aplicación SeeColors para personas con daltonismo",
  month = "Dic",
  year = "2016",
  url = "https://news.samsung.com/mx/samsung-lanza-la-aplicacion-seecolors-para-personas-con-daltonismo"
}


@ELECTRONIC{IEEEreferencias:Ref20,
  title = "What is Visolve",
  year = "2013",
  url = "https://www.ryobi-sol.co.jp/visolve/en/visolve.html"
}


@ELECTRONIC{IEEEreferencias:Ref21,
  title = "Metodología 'scrum': ¿Qué es un 'sprint'?",
  month = "Mar",
  year = "2019",
  url = "https://www.bbva.com/es/metodologia-scrum-que-es-un-sprint/"
}

@ELECTRONIC{IEEEreferencias:Ref22,
  title = "Gráficos de trabajo pendiente (Burndown charts)?",
  year = "2014",
  url = "https://proyectosagiles.org/graficos-trabajo-pendiente-burndown-charts/"
}


@ELECTRONIC{IEEEreferencias:Ref23,
  title = "Lista de objetivos / requisitos priorizada (Product Backlog)",
  year = "2014",
  url = "https://proyectosagiles.org/lista-requisitos-priorizada-product-backlog/"
}

@UNPUBLISHED{IEEEreferencias:Ref24,
  note = "Itera process",
  title = "SCRUM Fundamentals",
  month = "Jul",
  year = "2018",
  url = "https://proyectosagiles.org/lista-requisitos-priorizada-product-backlog/"
}

