Referencias para trabajo terminal

@ELECTRONIC{IEEEreferencias:Ref1,
  author = "A. Méndez Flores",
  title = "Oftalmología, Daltonismo",
  year = "2018",
  url = "blog.ciencias-medicas.com"
}

@ELECTRONIC{IEEEreferencias:Ref2,
  title = "¿Por qué se produce el daltonismo?",
  year = "2015",
  url = "https://www.lne.es/vida-y-estilo/salud/2015/04/22/produce-daltonismo/1745277.html"
}

@ELECTRONIC{IEEEreferencias:Ref3,
  author = "E. Bazo Coronilla",
  title = "Dalton y el daltonismo",
  month = "Oct",
  year = "2017",
  url = "https://www.hidden-nature.com/dalton-y-el-daltonismo"
}

@ELECTRONIC{IEEEreferencias:Ref4,
  author = "B. V. Castillo",
  title = "Herramientas visuales e información general del daltonismo",
  year = "2015",
  url = "http://costaricawebstudio.com/daltonismo/antecedentes"
}

@INBOOK{IEEEreferencias:Ref5,
  author = "F. Mir Fullana",
  title = "El verdadero daltonismo de Charles Meryon",
  month = "sep",
  publisher = "SciELO",
  year = "2008",
  volume = "83",
  number = "9",
  pages = "567-568"

}
@ELECTRONIC{IEEEreferencias:Ref6,
  title = "Grandes creadores con problemas de visión: Daltonismo",
  year = "2015",
  url = "https://www.clinicabaviera.com/blog/mundo-baviera/grandes-creadores-con-problemas-de-vision-daltonismo/"
}


@ELECTRONIC{IEEEreferencias:Ref7,
  title = "¿Son mejores los tiradores daltónicos?",
  year = "2019",
  url = "https://www.quo.es/ser-humano/a25640378/tiradores-daltonicos/"
}

@ELECTRONIC{IEEEreferencias:Ref8,
  title = "¿Por qué Marck Zuckerberg es <<culpable>> de que Facebook se azul?",
  year = "2017",
  url = "https://peru.com/epic/epic-mobile/facebook-que-mark-zuckerberg-culpable-que-sea-azul-noticia-536611"
}


@ELECTRONIC{IEEEreferencias:Ref9,
  title = "Celebridades que tiene datonismo",
  year = "2019",
  url = "https://www.panamaamerica.com.pa/variedades/celebridades-que-tienen-daltonismo-1130862"
}


@ELECTRONIC{IEEEreferencias:Ref10,
  title = "El mediocampista Thomas Delaney sufre este padecimiento, que le complica distinguir jugadores en algunos partidos",
  year = "2019",
  url = "https://www.record.com.mx/futbol-mundial-grupo-c/jugador-de-la-seleccion-de-dinamarca-revela-su-daltonismo"
}

@ELECTRONIC{IEEEreferencias:Ref11,
  title = "Famosos daltónicos que ven el mundo al revés",
  year = "2019",
  url = "https://www.msn.com/es-pe/entretenimiento/famosos/famosos-dalt\%C3\%B3nicos-que-ven-el-mundo-al-rev\%C3\%A9s/ss-BBTtKwr??ocid=MxOctHDD#image=20"
}


@INBOOK{IEEEreferencias:Ref12,
  author = "Marlenne Perales García and Ivette Lozano and Angélica López Rodríguez",
  title = "Los Colores de la vida",
  volume = "69",
  number = "2",
  page = "85-91",
  year = "2019",
  url = "https://www.amc.edu.mx/revistaciencia/images/revista/69_2/PDF/ColoresVida.pdf"
}

@ELECTRONIC{IEEEreferencias:Ref13,
  title = "La luz",
  year = "2019",
  url = "http://entrecieloytierra.com/articulos/feng-shui/la-luz-introduccion/"
}

@PHDTHESIS{IEEEreferencias:Ref14,
  author = "G. Enriquez Monroy and M. Soto and C. Torres",
  title = "Visión en colores: evaluación y patologías asociadas",
  school = "Fac. Med De tecnología médica, universidad Andrés Bello",
  address = "Chile,
  note = "Tesis de Licenciatura",
  year = "2018",
  url = "https://www.academia.edu/36785956/Visi\%C3\%B3n_en_colores"
}

@ELECTRONIC{IEEEreferencias:Ref15,
  author = "José Jiménez and Miguel Gutiérrez",
  title = "Árboles de decisión",
  year = "2009",
  url = "https://www.cs.us.es/~jalonso/cursos/ra-00/temas/tema-12.pdf"
}

@ELECTRONIC{IEEEreferencias:Ref16,
  title = "Espacios de color",
  year = "2015",
  url = "http://bibing.us.es/proyectos/abreproy/11875/fichero/Proyecto+Fin+de+Carrera\%252F3.Espacios+de+color.pdf"
}
@ELECTRONIC{IEEEreferencias:Ref17,
  author = "María López Escorial",
  title = "El código ‘braille’ para daltónicos se inventa en el siglo XXI",
  month = "Jul",
  year = "2015",
  url = "https://elpais.com/elpais/2015/07/24/planeta_futuro/1437744306_549219.html"
}


@ELECTRONIC{IEEEreferencias:Ref18,
  title = "Color Binoculars",
  year = "2016",
  url = "https://www.microsoft.com/en-us/garage/profiles/color-binoculars/"
}


@ELECTRONIC{IEEEreferencias:Ref19,
  title = "Samsung lanza la aplicación SeeColors para personas con daltonismo",
  month = "Dic",
  year = "2016",
  url = "https://news.samsung.com/mx/samsung-lanza-la-aplicacion-seecolors-para-personas-con-daltonismo"
}


@ELECTRONIC{IEEEreferencias:Ref20,
  title = "What is Visolve",
  year = "2013",
  url = "https://www.ryobi-sol.co.jp/visolve/en/visolve.html"
}


@ELECTRONIC{IEEEreferencias:Ref21,
  title = "Metodología 'scrum': ¿Qué es un 'sprint'?",
  month = "Mar",
  year = "2019",
  url = "https://www.bbva.com/es/metodologia-scrum-que-es-un-sprint/"
}

@ELECTRONIC{IEEEreferencias:Ref22,
  title = "Gráficos de trabajo pendiente (Burndown charts)?",
  year = "2014",
  url = "https://proyectosagiles.org/graficos-trabajo-pendiente-burndown-charts/"
}


@ELECTRONIC{IEEEreferencias:Ref23,
  title = "Lista de objetivos / requisitos priorizada (Product Backlog)",
  year = "2014",
  url = "https://proyectosagiles.org/lista-requisitos-priorizada-product-backlog/"
}

@UNPUBLISHED{IEEEreferencias:Ref24,
  note = "Itera process",
  title = "SCRUM Fundamentals",
  month = "Jul",
  year = "2018"
}

@ELECTRONIC{IEEEreferencias:Ref25,
  title =  "¿Cómo ven las personas daltonicas?, El universal",
  month = "jul",
  year = "2019",
  url = "https://www.eluniversal.com.mx/ciencia-y-salud/como-ven-las-personas-daltonicas"
}

@ELECTRONIC{IEEEreferencias:Ref26,
  title =  "El daltonismo, ¿Es solo cuestión de hombres?",
  month = "Abr",
  year = "2019",
  url = "https://www.infosalus.com/salud-investigacion/noticia-daltonismo-solo-cuestion-hombres-20190305082535.html"
}

@INBOOK{IEEEreferencias:Ref27,
  Author = "M. M. Valera Mota and M. I. Barrios Roldan and J. Alonso Trujillo and J. R. Díaz Uribe",
  title =  "Prevalencia de discromatopsias en la zona metropolitana de la Ciudad de México",
  volume = "22",
  number = "95",
  year = "2019",
  url = "https://doi.org/10.29105/cienciauanl22.93-2"
}

@ELECTRONIC{IEEEreferencias:Ref28,
  author = "I. Alegria & cols",
  title =  "Estudio de una anomalia genética: El daltonismo",
  year = "2013",
  url = "https://www.cac.es/cursomotivar/resources/document/2012/005.pdf"
}

@ELECTRONIC{IEEEreferencias:Ref29,
  author = "B. Stepko",
  title =  "Qué es daltonismo?, AARP,",
  month = "Abr",
  year = "2019",
  url = "https://www.aarp.org/espanol/salud/enfermedades-y-tratamientos/info-2019/que-es-el-daltonismo.html"
}

@INBOOK{IEEEreferencias:Ref30,
  author = "M. A. Alcalde-Alvites",
  title =  "Daltonismo y su uso del computador a distancia",
  volume = "2",
  number = "1",
  month = "Jul",
  year = "2015",
  page = "32-48",
  url = "http://dx.doi.org/10.21503/hamu.v2i1.828"
}

@ELECTRONIC{IEEEreferencias:Ref30,
  title =  "Daltonismo, Clínica Rementeria",
  month = "Feb",
  year = "2016",
  url = "https://www.clinicarementeria.es/patologias/daltonismo"
}

@ELECTRONIC{IEEEreferencias:Ref31,
  author = "E, Rodríguez",
  title =  "¿Eres daltónico? Compruébalo con el test de Ishihara",
  month = "Sep",
  year = "2017",
  url = "https://clinicavilloria.es/blog/test-ishihara-daltonismo"
}

@ELECTRONIC{IEEEreferencias:Ref32,
  author = "Michelle Marie Molina España",
  title =  "El daltonismo en la comunicación visual y la aplicación ColorAdd",
  month = "Nov",
  year = "2015",
  url = "http://recursosbiblio.url.edu.gt/tesisjcem/2015/03/05/Molina-Michelle-Investigacion.pdf"
}


@ELECTRONIC{IEEEreferencias:Ref33,
  title =  "Daltonsmo y discrimiacion: una socedad inadaptada",
  url = "http://www.saludediciones.com/2015/07/02/daltonismo-y-discriminacion-una-sociedad-inadaptada/"
}

@ELECTRONIC{IEEEreferencias:Ref34,
  title =  "Definición del ojo",
  year = "2015",
  url = "conceptodefinicion.de"
}

@ELECTRONIC{IEEEreferencias:Ref35,
  author = "Louis Packard",
  title =  "Anatomía del ojo del ojo",
  year = "2015",
  url = "www.standfordchildrns.org"
}

@ELECTRONIC{IEEEreferencias:Ref36,
  author = "Herrera Espinoza",
  title =  "El núcleo geniculado lateral en el contexto de la vía óptica, un estudio tactografico",
  year = "2015",
  url = "http://www.revista-portalesmedicos.com"
}

@ELECTRONIC{IEEEreferencias:Ref37,
  author = "Oscar Castillero Mimenza ",
  title =  "Corteza visual del cerebro: estructuras, partes y vías",
  year = "2018",
  url = "http://psicologiaymente.com"
}

@ELECTRONIC{IEEEreferencias:Ref38,
  title =  "enciclpediasalud.com",
  url = "https://www.enciclopediasalud.com/"
}

@ELECTRONIC{IEEEreferencias:Ref39,
  title =  "clínica universidad de navarra",
  url = "https://www.cun.es/diccionario-medico/terminos/gtp"
}
@ELECTRONIC{IEEEreferencias:Ref40,
  title =  "¿Qué es JAVA y para qué se necesita?",
  url = "https://www.java.com/es/download/faq/whatis_java.xml"
}

@ELECTRONIC{IEEEreferencias:Ref41,
  title =  "Definición de Android",
  url = "https://definicion.de/android/"
}
@ELECTRONIC{IEEEreferencias:Ref42,
  author = "José Nieto",
  title =  "Android domina eltercer trimiestre de 2018 con un 86,8\% de cuota de mercado, según IDC",
  month = "Nov",
  year = "2018",
  url = "https://www.xatakandroid.com/moviles-android/android-domina-tercer-trimestre-2018-86-8-cuota-mercado-idc"
}

@ELECTRONIC{IEEEreferencias:Ref43,
  author = "Pablo Roncagliolo",
  title =  "Procesamiento Digital de imágenes",
  year = "2018",
  url = "http://www2.elo.utfsm.cl/~elo328/pdf1dpp/PDI13_Color_1dpp.pdf"
}